<record><leader>00000cas a22000007a 4500</leader><controlfield tag="001">12206623</controlfield><controlfield tag="008">850627d18531854ohudn ne      0    0eng d</controlfield><datafield ind1=" " ind2=" " tag="010"><subfield code="a">sn 85026406 </subfield></datafield><datafield ind1=" " ind2=" " tag="040"><subfield code="a">NPX</subfield><subfield code="b">eng</subfield><subfield code="c">NPX</subfield><subfield code="d">ONP</subfield><subfield code="d">OCLCQ</subfield></datafield><datafield ind1=" " ind2=" " tag="042"><subfield code="a">msc</subfield></datafield><datafield ind1="0" ind2="0" tag="245"><subfield code="a">Daily Ohio State Democrat.</subfield></datafield><datafield ind1=" " ind2=" " tag="260"><subfield code="a">Columbus, Ohio :</subfield><subfield code="b">Horace S. &amp; Chas. B. Flood,</subfield><subfield code="c">1853-1854.</subfield></datafield><datafield ind1=" " ind2=" " tag="300"><subfield code="a">v.</subfield></datafield><datafield ind1=" " ind2=" " tag="310"><subfield code="a">Daily (except Sun.)</subfield></datafield><datafield ind1="0" ind2=" " tag="362"><subfield code="a">Vol. 1, no. 1 (Dec. 12, 1853)-v. 1, no. 137 (May 22, 1854).</subfield></datafield><datafield ind1=" " ind2=" " tag="500"><subfield code="a">Editors: Horace S. Knapp, Charles B. Flood, &lt;1854&gt;.</subfield></datafield><datafield ind1=" " ind2=" " tag="500"><subfield code="a">"Democratic."</subfield></datafield><datafield ind1=" " ind2=" " tag="580"><subfield code="a">Weekly ed.: Ohio State Democrat (Columbus, Ohio).</subfield></datafield><datafield ind1=" " ind2=" " tag="752"><subfield code="a">United States</subfield><subfield code="b">Ohio</subfield><subfield code="c">Franklin</subfield><subfield code="d">Columbus.</subfield></datafield><datafield ind1="1" ind2=" " tag="775"><subfield code="t">Ohio State Democrat (Columbus, Ohio)</subfield><subfield code="w">(DLC)sn 84028643</subfield></datafield><datafield ind1="0" ind2="7" tag="785"><subfield code="t">Daily Ohio statesman (Columbus, Ohio : 1847)</subfield><subfield code="w">(DLC)sn 85026405</subfield></datafield><datafield ind1="0" ind2="7" tag="785"><subfield code="t">Daily Ohio statesman and Democrat</subfield><subfield code="w">(DLC)sn 84028644</subfield></datafield><datafield ind1="1" ind2=" " tag="029"><subfield code="a">AU@</subfield><subfield code="b">000025829032</subfield></datafield></record>